<record><leader>00000cas a2200000 a 4500</leader><controlfield tag="001">11284462</controlfield><controlfield tag="008">841019d18981902ksuwr ne      0   a0eng d</controlfield><datafield ind1=" " ind2=" " tag="010"><subfield code="a">sn 84029880 </subfield></datafield><datafield ind1=" " ind2=" " tag="040"><subfield code="a">KSH</subfield><subfield code="b">eng</subfield><subfield code="c">KSH</subfield><subfield code="d">NPT</subfield><subfield code="d">OCL</subfield><subfield code="d">OCLCQ</subfield></datafield><datafield ind1=" " ind2=" " tag="042"><subfield code="a">msc</subfield></datafield><datafield ind1="0" ind2=" " tag="130"><subfield code="a">Ottawa journal (Ottawa, Kan. : 1898)</subfield></datafield><datafield ind1="1" ind2="0" tag="245"><subfield code="a">Ottawa journal.</subfield></datafield><datafield ind1=" " ind2=" " tag="260"><subfield code="a">Ottawa, Kan. :</subfield><subfield code="b">Haywood &amp; Miller,</subfield><subfield code="c">1898-1902.</subfield></datafield><datafield ind1=" " ind2=" " tag="300"><subfield code="a">4 v. :</subfield><subfield code="b">ill. ;</subfield><subfield code="c">55-64 cm.</subfield></datafield><datafield ind1=" " ind2=" " tag="310"><subfield code="a">Weekly</subfield></datafield><datafield ind1="0" ind2=" " tag="362"><subfield code="a">Vol. 32, no. 1 (Mar. 24, 1898)-v. 36, no. 26 (Aug. 28, 1902).</subfield></datafield><datafield ind1=" " ind2=" " tag="500"><subfield code="a">Publisher varies.</subfield></datafield><datafield ind1=" " ind2=" " tag="500"><subfield code="a">"Democratic," Mar. 24, 1898-Oct. 5, 1899; "Republican," Oct. 12, 1899-Aug. 28, 1902.</subfield></datafield><datafield ind1=" " ind2=" " tag="752"><subfield code="a">United States</subfield><subfield code="b">Kansas</subfield><subfield code="c">Franklin</subfield><subfield code="d">Ottawa.</subfield></datafield><datafield ind1="0" ind2="0" tag="780"><subfield code="t">Ottawa journal and triumph</subfield><subfield code="w">(DLC)sn 84029879</subfield></datafield><datafield ind1="0" ind2="0" tag="785"><subfield code="t">Ottawa independent and journal</subfield><subfield code="w">(DLC)sn 84029881</subfield></datafield></record>